

%% This BibTeX bibliography file in UTF-8 format was created using Papers.
%% http://mekentosj.com/papers/

@inproceedings{zhang2008adaptive,
  title={Adaptive forward-backward greedy algorithm for sparse learning with linear models},
  author={Zhang, Tong},
  year={2008},
  organization={NIPS}
}

@inproceedings{duchi2009boosting,
  title={Boosting with structural sparsity},
  author={Duchi, John and Singer, Yoram},
  booktitle={Proceedings of the 26th Annual International Conference on Machine Learning},
  pages={297--304},
  year={2009},
  organization={ACM}
}

@article{zhang2005boosting,
  title={Boosting with early stopping: Convergence and consistency},
  author={Zhang, Tong and Yu, Bin},
  journal={Annals of Statistics},
  pages={1538--1579},
  year={2005},
  publisher={JSTOR}
}


@ARTICLE{friedman2001greedy,
    author = {Jerome H. Friedman},
    title = {Greedy Function Approximation: A Gradient Boosting Machine},
    journal = {Annals of Statistics},
    year = {2000},
    volume = {29},
    pages = {1189--1232}
}

@article{xiang2009boosting,
  title={Boosting with spatial regularization},
  author={Xiang, Z and Xi, Y and Hasson, Uri and Ramadge, P},
  journal={Advances in Neural Information Processing Systems},
  volume={22},
  pages={2107--2115},
  year={2009}
}

@InCollection{aaa,
author = {Hastie, T and Tibshirani, R and Friedman, J. H},
title = {10. Boosting and Additive Trees},
booktitle = {The Elements of Statistical Learning},
publisher = {New York: Springer},
year = {2009},
edition = {Second},
pages = {337--384}

}


@article{friedman2002stochastic,
  title={Stochastic gradient boosting},
  author={Friedman, Jerome H},
  journal={Computational Statistics \& Data Analysis},
  volume={38},
  number={4},
  pages={367--378},
  year={2002},
  publisher={Elsevier}
}

@article{tibshirani1996regression,
  title={Regression shrinkage and selection via the lasso},
  author={Tibshirani, Robert},
  journal={Journal of the Royal Statistical Society. Series B (Methodological)},
  pages={267--288},
  year={1996},
  publisher={JSTOR}
}

@article{schmidt2005least,
  title={Least squares optimization with L1-norm regularization},
  author={Schmidt, Mark},
  journal={Project Report, University of British Columbia},
  year={2005}
}

@inproceedings{ng2004feature,
  title={Feature selection, L 1 vs. L 2 regularization, and rotational invariance},
  author={Ng, Andrew Y},
  booktitle={Proceedings of the twenty-first international conference on Machine learning},
  pages={78},
  year={2004},
  organization={ACM}
}
